@MISC{WEBSITE:AEROPONIA1,
	author = {{Agriculturers}},
	title = {¿Que es la aeroponía?},
	url = {https://agriculturers.com/que-es-la-aeroponia/},
	note = {Disponible: 2023-05-04}
}

@MISC{WEBSITE:HIDROPONIA,
	author = {{Wikipedia}},
	title = {Hidroponía},
	url = {https://es.wikipedia.org/wiki/Hidropon%C3%ADa},
	note = {Disponible: 2023-05-04}
}

@MISC{WEBSITE:AEROPONIA2,
	author = {{NASA}},
	title = {Progressive Plant Growing is a Blooming Business},
	url = {https://www.nasa.gov/vision/earth/technologies/aeroponic_plants.html},
	note = {Disponible: 2023-05-04}
}

@MISC{WEBSITE:AEROPONIA3,
	author = {{Wikipedia}},
	title = {Aeroponía},
	url = {https://es.wikipedia.org/wiki/Aeropon%C3%ADa},
	note = {Disponible: 2023-05-04}
}

@MISC{WEBSITE:AEROPONIA4,
	author = {{El holandés picante}},
	title = {Guía de aeroponía para principiantes},
	url = {https://elholandespicante.com/guia-de-aeroponia-para-principiantes/},
	note = {Disponible: 2023-05-04}
}

@MISC{WEBSITE:SSR,
	author = {{IONOS}},
	title = {Comparativa del server-side rendering, client-side rendering y los static site generators},
	url = {https://www.ionos.es/digitalguide/paginas-web/desarrollo-web/lenguajes-del-lado-servidor-o-del-cliente-diferencias/},
	note = {Disponible: 2023-05-04}
}


@MISC{WEBSITE:CLIENTESERVIDOR,
	author = {{Wikipedia}},
	title = {Cliente-servidor},
	url = {https://es.wikipedia.org/wiki/Cliente-servidor},
	note = {Disponible: 2023-05-04}
}

@MISC{WEBSITE:PROTOCOLOSINESTADO,
	author = {{Wikipedia}},
	title = {Protocolo sin estado},
	url = {https://es.wikipedia.org/wiki/Protocolo_sin_estado},
	note = {Disponible: 2023-05-04}
}

@MISC{WEBSITE:CAPADEAPLICACION,
	author = {{Wikipedia}},
	title = {Capa de aplicación},
	url = {https://es.wikipedia.org/wiki/Capa_de_aplicaci%C3%B3n},
	note = {Disponible: 2023-05-04}
}

@MISC{WEBSITE:CAPADETRANSPORTE,
	author = {{Wikipedia}},
	title = {Capa de transporte},
	url = {https://es.wikipedia.org/wiki/Capa_de_transporte},
	note = {Disponible: 2023-05-04}
}

@MISC{WEBSITE:TLS,
	author = {{MDN}},
	title = {TLS},
	url = {https://developer.mozilla.org/en-US/docs/Glossary/TLS},
	note = {Disponible: 2023-05-04}
}

@MISC{WEBSITE:REST,
	author = {{Wikipedia}},
	title = {REST},
	url = {https://es.wikipedia.org/wiki/Transferencia_de_Estado_Representacional},
	note = {Disponible: 2023-05-04}
}

@MISC{WEBSITE:API,
	author = {{Wikipedia}},
	title = {REST},
	url = {https://es.wikipedia.org/wiki/API},
	note = {Disponible: 2023-05-04}
}

@MISC{WEBSITE:UDP,
	author = {{Wikipedia}},
	title = {Protocolo de datagramas de usuario},
	url = {https://es.wikipedia.org/wiki/Protocolo_de_datagramas_de_usuario},
	note = {Disponible: 2023-05-05}
}

@MISC{WEBSITE:TCPIP,
	author = {{Wikipedia}},
	title = {Modelo TCP/IP},
	url = {https://es.wikipedia.org/wiki/Modelo_TCP/IP},
	note = {Disponible: 2023-05-0605}
}

@MISC{WEBSITE:HTTP,
	author = {{MDN}},
	title = {HTTP},
	url = {https://developer.mozilla.org/es/docs/Web/HTTP},
	note = {Disponible: 2023-05-05}
}

@MISC{WEBSITE:HTTPS,
	author = {{Wikipedia}},
	title = {Protocolo seguro de transferencia de hipertexto},
	url = {https://es.wikipedia.org/wiki/Protocolo_seguro_de_transferencia_de_hipertexto},
	note = {Disponible: 2023-05-05}
}

@MISC{WEBSITE:HTML,
	author = {{MDN}},
	title = {HTML},
	url = {https://developer.mozilla.org/es/docs/Web/HTML},
	note = {Disponible: 2023-05-05}
}

@MISC{WEBSITE:MQTT,
	author = {{AWS}},
	title = {¿Qué es MQTT?},
	url = {https://aws.amazon.com/es/what-is/mqtt/},
	note = {Disponible: 2023-05-05}
}

@MISC{WEBSITE:IOT,
	author = {{Wikipedia}},
	title = {Internet de las cosas},
	url = {https://es.wikipedia.org/wiki/Internet_de_las_cosas},
	note = {Disponible: 2023-05-05}
}

@MISC{WEBSITE:DAAS,
	author = {{MongoDB}},
	title = {Database as a Service Explained},
	url = {https://www.mongodb.com/database-as-a-service},
	note = {Disponible: 2023-05-05}
}

@MISC{WEBSITE:CRUD,
	author = {{Wikipedia}},
	title = {CRUD},
	url = {https://es.wikipedia.org/wiki/CRUD},
	note = {Disponible: 2023-05-05}
}

@MISC{WEBSITE:OAUTH,
	author = {{auth0}},
	title = {¿Qué es OAuth 2.0?},
	url = {https://auth0.com/es/intro-to-iam/what-is-oauth-2},
	note = {Disponible: 2023-05-05}
}

@MISC{WEBSITE:WEBSOCKET,
	author = {{Wikipedia}},
	title = {WebSocket},
	url = {https://es.wikipedia.org/wiki/WebSocket},
	note = {Disponible: 2023-05-05}
}

@MISC{WEBSITE:FULLDUPLEX,
	author = {{Wikipedia}},
	title = {Dúplex},
	url = {https://es.wikipedia.org/wiki/D%C3%BAplex_(telecomunicaciones)#Full-duplex},
	note = {Disponible: 2023-05-05}
}

@MISC{WEBSITE:TCP,
	author = {{Wikipedia}},
	title = {TCP},
	url = {https://es.wikipedia.org/wiki/Protocolo_de_control_de_transmisi%C3%B3n},
	note = {Disponible: 2023-05-05}
}

@MISC{WEBSITE:SOC,
	author = {{Wikipedia}},
	title = {Sistema en un chip},
	url = {https://es.wikipedia.org/wiki/Sistema_en_un_chip},
	note = {Disponible: 2023-05-05}
}

@MISC{WEBSITE:WIFI,
	author = {{Wikipedia}},
	title = {Wi-Fi},
	url = {https://es.wikipedia.org/wiki/Wifi},
	note = {Disponible: 2023-05-06}
}

@MISC{WEBSITE:BLUETOOTH,
	author = {{Wikipedia}},
	title = {Bluetooth},
	url = {https://es.wikipedia.org/wiki/Bluetooth},
	note = {Disponible: 2023-05-06}
}

@MISC{WEBSITE:BALUN,
	author = {{Wikipedia}},
	title = {Balun},
	url = {https://es.wikipedia.org/wiki/Balun},
	note = {Disponible: 2023-05-06}
}

@MISC{WEBSITE:TSMC,
	author = {{Wikipedia}},
	title = {TSMC},
	url = {https://es.wikipedia.org/wiki/TSMC},
	note = {Disponible: 2023-05-06}
}

@MISC{WEBSITE:ESP32,
	author = {{Wikipedia}},
	title = {TSMC},
	url = {https://es.wikipedia.org/wiki/ESP32},
	note = {Disponible: 2023-05-06}
}

@MISC{WEBSITE:ESP8266,
	author = {{Wikipedia}},
	title = {ESP8266},
	url = {https://es.wikipedia.org/wiki/ESP8266},
	note = {Disponible: 2023-05-06}
}

@MISC{WEBSITE:DHT22,
	author = {{sparkfun}},
	title = {DHT22},
	url = {https://www.sparkfun.com/datasheets/Sensors/Temperature/DHT22.pdf},
	note = {Disponible: 2023-05-06}
}

@MISC{WEBSITE:DHT11,
	author = {{sparkfun}},
	title = {DHT11},
	url = {https://cdn.sparkfun.com/assets/b/3/f/9/d/OKY3068-1.pdf},
	note = {Disponible: 2023-05-06}
}

@MISC{WEBSITE:BH1750,
	author = {{mouser}},
	title = {Bh1750},
	url = {https://www.mouser.com/datasheet/2/348/bh1750fvi-e-186247.pdf},
	note = {Disponible: 2023-05-06}
}

@MISC{WEBSITE:LDR,
	author = {{MecatrónicaLATAM}},
	title = {LDR},
	url = {https://www.mecatronicalatam.com/es/tutoriales/sensores/sensor-de-luz/ldr/},
	note = {Disponible: 2023-05-06}
}

@MISC{WEBSITE:BUSI2C,
	author = {{robots-argentina}},
	title = {Descripción y funcionamiento del Bus I2C},
	url = {https://robots-argentina.com.ar/didactica/descripcion-y-funcionamiento-del-bus-i2c/},
	note = {Disponible: 2023-05-06}
}

@MISC{WEBSITE:CONVERSORAD,
	author = {{Wikipedia}},
	title = {Conversor de señal analógica a digital},
	url = {https://es.wikipedia.org/wiki/Conversor_de_se%C3%B1al_anal%C3%B3gica_a_digital},
	note = {Disponible: 2023-05-06}
}

@MISC{WEBSITE:MQ135,
	author = {{Electrónicos Caldas}},
	title = {MQ-135},
	url = {https://www.electronicoscaldas.com/datasheet/MQ-135_Hanwei.pdf},
	note = {Disponible: 2023-05-07}
}

@MISC{WEBSITE:TERMISTOR,
	author = {{Electrónica online}},
	title = {¿Qué es un Termistor y Cómo Funciona?},
	url = {https://electronicaonline.net/componentes-electronicos/resistor/termistor/},
	note = {Disponible: 2023-05-07}
}

@MISC{WEBSITE:YF-S201B,
	author = {{Handson Technology}},
	title = {YF-S201B},
	url = {https://handsontec.com/dataspecs/sensor/Water%20Flow%20Sensor.pdf},
	note = {Disponible: 2023-05-07}
}

@MISC{WEBSITE:EFECTOHALL,
	author = {{EcuRed}},
	title = {Efecto Hall},
	url = {https://www.ecured.cu/Efecto_Hall},
	note = {Disponible: 2023-05-07}
}

@MISC{WEBSITE:DS18B20,
	author = {{quick-teck}},
	title = {DS18B20},
	url = {https://www.quick-teck.co.uk/Management/EEUploadFile/1420644897.pdf},
	note = {Disponible: 2023-05-07}
}

@MISC{WEBSITE:1WIRE,
	author = {{Wikipedia}},
	title = {1-Wire},
	url = {https://es.wikipedia.org/wiki/1-Wire},
	note = {Disponible: 2023-05-07}
}

@MISC{WEBSITE:RELAY,
	author = {{GEYA}},
	title = {5V Relay Module – How it Works and Application},
	url = {https://www.geya.net/5v-relay-module-how-it-works-and-application},
	note = {Disponible: 2023-05-07}
}

@MISC{WEBSITE:ANGULAR,
	author = {{Angular}},
	title = {Angular},
	url = {https://angular.io/docs},
	note = {Disponible: 2023-05-07}
}

@MISC{WEBSITE:NODEJS,
	author = {{Nodejs}},
	title = {Acerca de Node.js},
	url = {https://nodejs.org/es/about},
	note = {Disponible: 2023-05-07}
}

@MISC{WEBSITE:MONGODB,
	author = {{MongoDB}},
	title = {¿Qué es MongoDB?},
	url = {https://www.mongodb.com/es/what-is-mongodb},
	note = {Disponible: 2023-05-07}
}

@MISC{WEBSITE:JASMINE,
	author = {{Jasmine}},
	title = {Jasmine},
	url = {https://jasmine.github.io/},
	note = {Disponible: 2023-05-07}
}

@MISC{WEBSITE:JESTJS,
	author = {{Jest}},
	title = {Jest},
	url = {https://jestjs.io/},
	note = {Disponible: 2023-05-07}
}

@MISC{WEBSITE:LIGHTHOUSE,
	author = {{Google}},
	title = {Lighthouse},
	url = {https://developer.chrome.com/docs/lighthouse/overview/},
	note = {Disponible: 2023-05-07}
}

@MISC{WEBSITE:D3JS,
	author = {{D3.js}},
	title = {D3.js},
	url = {https://d3js.org/},
	note = {Disponible: 2023-05-07}
}


@MISC{WEBSITE:SOCKETIO,
	author = {{Socket.io}},
	title = {Socket.io},
	url = {https://socket.io/},
	note = {Disponible: 2023-05-07}
}


@MISC{WEBSITE:GZIP,
	author = {{IONOS}},
	title = {¿Qué es gzip?},
	url = {https://www.ionos.es/digitalguide/servidores/know-how/que-es-gzip-y-cuales-son-sus-ventajas/},
	note = {Disponible: 2023-05-07}
}


@MISC{WEBSITE:ANGULARMATERIAL,
	author = {{Angular}},
	title = {Angular Material},
	url = {https://material.angular.io/},
	note = {Disponible: 2023-05-07}
}

@MISC{WEBSITE:COOKIES,
	author = {{CLACSO}},
	title = {¿Qué son las cookies?},
	url = {https://www.clacso.org/que-son-las-cookies/},
	note = {Disponible: 2023-05-07}
}

@MISC{WEBSITE:CORS,
	author = {{MDN}},
	title = {Intercambio de recursos de origen cruzado},
	url = {https://developer.mozilla.org/es/docs/Web/HTTP/CORS},
	note = {Disponible: 2023-05-08}
}

@MISC{WEBSITE:EXPRESSJS,
	author = {{express.js}},
	title = {Express},
	url = {https://expressjs.com/es/},
	note = {Disponible: 2023-05-08}
}

@MISC{WEBSITE:JWT,
	author = {{jwt}},
	title = {JSON Web Tokens},
	url = {https://jwt.io/},
	note = {Disponible: 2023-05-08}
}

@MISC{WEBSITE:MONGOOSEJS,
	author = {{mongoose}},
	title = {mongoose.js},
	url = {https://mongoosejs.com/},
	note = {Disponible: 2023-05-08}
}

@MISC{WEBSITE:VARIABLESDEENTORNO,
	author = {{Kinsta}},
	title = {Variables de Entorno: ¿Qué Son y Cómo Usarlas?},
	url = {https://kinsta.com/es/base-de-conocimiento/variables-de-entorno/},
	note = {Disponible: 2023-05-08}
}

@MISC{WEBSITE:ENCRIPTACION,
	author = {{cloudflare}},
	title = {¿Qué es la encriptación? | Tipos de encriptación},
	url = {https://www.cloudflare.com/es-es/learning/ssl/what-is-encryption/},
	note = {Disponible: 2023-05-08}
}

@MISC{WEBSITE:ORM,
	author = {{Wikipedia}},
	title = {Asignación objeto-relacional},
	url = {https://es.wikipedia.org/wiki/Asignaci%C3%B3n_objeto-relacional},
	note = {Disponible: 2023-05-08}
}

@MISC{WEBSITE:NOTIFICACIONESPUSH,
	author = {{MDN}},
	title = {Usando la API de Notificaciones},
	url = {https://developer.mozilla.org/es/docs/Web/API/Notifications_API/Using_the_Notifications_API},
	note = {Disponible: 2023-05-08}
}

@MISC{WEBSITE:TYPESCRIPT,
	author = {{TypeScript}},
	title = {What is TypeScript?},
	url = {https://www.typescriptlang.org/},
	note = {Disponible: 2023-05-08}
}

@MISC{WEBSITE:PWA,
	author = {{XATAKA}},
	title = {¿Qué es una Aplicación Web Progresiva o PWA?},
	url = {https://www.xataka.com/basics/que-es-una-aplicacion-web-progresiva-o-pwa},
	note = {Disponible: 2023-05-08}
}

@MISC{WEBSITE:SERVICEWORKERS,
	author = {{MDN}},
	title = {Service Worker API},
	url = {https://developer.mozilla.org/es/docs/Web/API/Service_Worker_API},
	note = {Disponible: 2023-05-08}
}

@MISC{WEBSITE:MANIFEST,
	author = {{MDN}},
	title = {Web App Manifest},
	url = {https://developer.mozilla.org/es/docs/Web/Manifest},
	note = {Disponible: 2023-05-08}
}

@MISC{WEBSITE:JAVASCRIPT,
	author = {{AWS}},
	title = {¿Qué es JavaScript?},
	url = {https://aws.amazon.com/es/what-is/javascript/},
	note = {Disponible: 2023-05-09}
}

@MISC{WEBSITE:SPA,
	author = {{IONOS}},
	title = {Single page application: definición, funcionamiento y utilidad},
	url = {https://www.ionos.es/digitalguide/paginas-web/creacion-de-paginas-web/single-page-application/},
	note = {Disponible: 2023-05-09}
}

@MISC{WEBSITE:MVC,
	author = {{códigofacilito}},
	title = {MVC (Model, View, Controller) explicado.},
	url = {https://codigofacilito.com/articulos/mvc-model-view-controller-explicado},
	note = {Disponible: 2023-05-09}
}

@MISC{WEBSITE:PROGRAMACIONDIRIGIDAPOREVENTOS,
	author = {{Wikipedia}},
	title = {Programación dirigida por eventos},
	url = {https://es.wikipedia.org/wiki/Programaci%C3%B3n_dirigida_por_eventos},
	note = {Disponible: 2023-05-09}
}

@MISC{WEBSITE:GOOGLEV8,
	author = {{v8}},
	title = {What is V8?},
	url = {https://v8.dev/},
	note = {Disponible: 2023-05-09}
}

@MISC{WEBSITE:NOSQL,
	author = {{ORACLE}},
	title = {¿Qué es NoSQL?},
	url = {https://www.oracle.com/ar/database/nosql/what-is-nosql/},
	note = {Disponible: 2023-05-09}
}

@MISC{WEBSITE:BASEDEDATOSDOCUMENTAL,
	author = {{Wikipedia}},
	title = {Base de datos documental},
	url = {https://es.wikipedia.org/wiki/Base_de_datos_documental},
	note = {Disponible: 2023-05-09}
}

@MISC{WEBSITE:BDD,
	author = {{IONOS}},
	title = {El behavior-driven development en el desarrollo ágil de software},
	url = {https://www.ionos.es/digitalguide/paginas-web/desarrollo-web/que-es-el-behavior-driven-development/},
	note = {Disponible: 2023-05-09}
}

@MISC{WEBSITE:BABEL,
	author = {{freecodecamp}},
	title = {¿Qué es Babel?},
	url = {https://www.freecodecamp.org/espanol/news/que-es-babel/},
	note = {Disponible: 2023-05-09}
}

@MISC{WEBSITE:WEBPACK,
	author = {{webpack}},
	title = {webpacks concepts},
	url = {https://webpack.js.org/concepts/},
	note = {Disponible: 2023-05-09}
}

@MISC{WEBSITE:COPIAINSTANTANEA,
	author = {{Wikipedia}},
	title = {Copia instantánea de volumen},
	url = {https://es.wikipedia.org/wiki/Copia_instant%C3%A1nea_de_volumen},
	note = {Disponible: 2023-05-09}
}

@MISC{WEBSITE:BSON,
	author = {{MongoDB}},
	title = {JSON and BSON},
	url = {https://www.mongodb.com/json-and-bson},
	note = {Disponible: 2023-05-10}
}

@MISC{WEBSITE:BASEDEDATOSRELACIONAL,
	author = {{Oracle}},
	title = {¿Qué es una base de datos relacional?},
	url = {https://www.oracle.com/ar/database/what-is-a-relational-database/},
	note = {Disponible: 2023-05-10}
}

@MISC{WEBSITE:FRAMEWORK,
	author = {{Wikipedia}},
	title = {Framework},
	url = {https://es.wikipedia.org/wiki/Framework},
	note = {Disponible: 2023-05-10}
}

@MISC{WEBSITE:TESTCOVERAGE,
	author = {{SIMFORM}},
	title = {Why Test Coverage is an Important part of Software Testing?},
	url = {https://www.simform.com/blog/test-coverage/},
	note = {Disponible: 2023-05-10}
}


@MISC{WEBSITE:OPENSSL,
	author = {{openssl}},
	title = {Welcome to OpenSSL!},
	url = {https://www.openssl.org/},
	note = {Disponible: 2023-05-10}
}

@MISC{WEBSITE:DNS,
	author = {{cloudflare}},
	title = {¿Qué es DNS? | Cómo funciona},
	url = {https://www.cloudflare.com/es-es/learning/dns/what-is-dns/},
	note = {Disponible: 2023-05-10}
}

@MISC{WEBSITE:HTTPHEADERAUTHORIZATION,
	author = {{MDN}},
	title = {Authorization},
	url = {https://developer.mozilla.org/en-US/docs/Web/HTTP/Headers/Authorization},
	note = {Disponible: 2023-05-11}
}

@MISC{WEBSITE:AEDES,
	author = {{GitHub}},
	title = {Aedes},
	url = {https://github.com/moscajs/aedes},
	note = {Disponible: 2023-05-11}
}

@MISC{WEBSITE:PLIOT,
	author = {{Smartcultiva}},
	title = {Smartcultiva},
	url = {https://www.smartcultiva.com/},
	note = {Disponible: 2023-05-06}
}

@MISC{WEBSITE:MYAUTOGROW,
	author = {{Bluelab}},
	title = {Autogrow by Bluelab},
	url = {https://bluelab.com/new_zealand/autogrow},
	note = {Disponible: 2023-05-05}
}

@MISC{WEBSITE:SOLUCIONSIMILARCIENTIFICA1,
	author = {{Miguel A. Zamora-Izquierdo, José Santa, Juan A. Martínez, Vicente Martínez, Antonio F. Skarmeta}},
	title = {Smart farming IoT platform based on edge and cloud computing},
	url = {https://www.sciencedirect.com/science/article/abs/pii/S1537511018301211},
	note = {Disponible: 2023-05-08}
}

@MISC{WEBSITE:SOLUCIONSIMILARCIENTIFICA2,
	author = {{Pisana Placidi, Renato Morbidelli, Diego Fortunati, Diego Fortunati, Nicola Papini}},
	title = {Monitoring Soil and Ambient Parameters in the IoT Precision Agriculture Scenario: An Original Modeling Approach Dedicated to Low-Cost Soil Water Content Sensors},
	url = {https://www.researchgate.net/publication/353828389_Monitoring_Soil_and_Ambient_Parameters_in_the_IoT_Precision_Agriculture_Scenario_An_Original_Modeling_Approach_Dedicated_to_Low-Cost_Soil_Water_Content_Sensors},
	note = {Disponible: 2023-05-08}
}

@MISC{WEBSITE:SOLUCIONSIMILARCIENTIFICA3,
	author = {{Mohamed Saban, Mostapha Bekkour, Ibtisam Amdaouch, Jaouad El Gueri}},
	title = {A Smart Agricultural System Based on PLC and a Cloud Computing Web Application Using LoRa and LoRaWan},
	url = {https://www.researchgate.net/publication/368978233_A_Smart_Agricultural_System_Based_on_PLC_and_a_Cloud_Computing_Web_Application_Using_LoRa_and_LoRaWan},
	note = {Disponible: 2023-05-08}
}

@MISC{WEBSITE:TELEGRAM,
	author = {{Telegram}},
	title = {¿Qué es Telegram? ¿Qué puedo hacer aquí?},
	url = {https://telegram.org/faq#p-que-es-telegram-que-puedo-hacer-aqui},
	note = {Disponible: 2023-05-08}
}

@MISC{WEBSITE:BOT,
	author = {{Wikipedia}},
	title = {Bot},
	url = {https://es.wikipedia.org/wiki/Bot},
	note = {Disponible: 2023-05-08}
}

@MISC{WEBSITE:LORA,
	author = {{Tarlogic}},
	title = {¿Qué es LoRa protocol?},
	url = {https://www.tarlogic.com/es/glosario-ciberseguridad/lora-protocol/},
	note = {Disponible: 2023-05-08}
}

@MISC{WEBSITE:OBSERVABLE,
	author = {{rxjs}},
	title = {Observable},
	url = {https://rxjs.dev/guide/observable},
	note = {Disponible: 2023-05-08}
}

@MISC{WEBSITE:ANGULAROPTIMIZACION,
	author = {{rxjs}},
	title = {Observable},
	url = {https://rxjs.dev/guide/observable},
	note = {Disponible: 2023-05-08}
}

@MISC{WEBSITE:ANGULAROPTIMIZACION1,
	author = {{Javier Ruiz Vázquez}},
	title = {Observable},
	url = {https://medium.com/javascript-comunidad/optimizando-aplicaciones-en-angular-pt-1-526367e4d26f},
	note = {Disponible: 2023-05-08}
}

@MISC{WEBSITE:ANGULAROPTIMIZACION2,
	author = {{Christian Ludemann}},
	title = {18 Performance Optimization Techniques For Angular Applications (Podcast With Michael Hladky)},
	url = {https://christianlydemann.com/18-performance-optimization-techniques-for-angular-applications-podcast-with-michael-hladky/},
	note = {Disponible: 2023-05-08}
}

@MISC{WEBSITE:CRAWLER,
	author = {{MDN}},
	title = {Crawler},
	url = {https://developer.mozilla.org/en-US/docs/Glossary/Crawler},
	note = {Disponible: 2023-05-11}
}

@MISC{WEBSITE:KARMA,
	author = {{Karma}},
	title = {Karma},
	url = {https://karma-runner.github.io/latest/index.html},
	note = {Disponible: 2023-05-11}
}

@MISC{WEBSITE:RESPONSIVE,
	author = {{MDN}},
	title = {Diseño receptivo},
	url = {https://developer.mozilla.org/es/docs/Learn/CSS/CSS_layout/Responsive_Design},
	note = {Disponible: 2023-05-11}
}

@MISC{WEBSITE:AUTORIDADDECERTIFICACION,
	author = {{Wikipedia}},
	title = {Autoridad de certificación},
	url = {https://es.wikipedia.org/wiki/Autoridad_de_certificaci%C3%B3n},
	note = {Disponible: 2023-05-13}
}

@MISC{WEBSITE:UNITTESTING,
	author = {{Geekflare}},
	title = {Explicación de las pruebas unitarias: qué es, por qué es importante y cómo empezar},
	url = {https://geekflare.com/es/unit-testing-guide/},
	note = {Disponible: 2023-05-13}
}

@MISC{WEBSITE:MQTTEXPLORER,
	author = {{mqtt-explorer}},
	title = {An all-round MQTT client that provides a structured topic overview},
	url = {http://mqtt-explorer.com/},
	note = {Disponible: 2023-05-13}
}

@MISC{WEBSITE:ESPRESSIF32,
	author = {{platformIO}},
	title = {Espressif 32},
	url = {https://docs.platformio.org/en/latest/platforms/espressif32.html},
	note = {Disponible: 2023-05-15}
}

@MISC{WEBSITE:ARDUINO,
	author = {{Arduino}},
	title = {About Arduino},
	url = {https://www.arduino.cc/en/about},
	note = {Disponible: 2023-05-15}
}

@MISC{WEBSITE:FERTIRRIGACION,
	author = {{Marco A. Oltra Cámara}},
	title = {¿Qué es la Fertirrigación?},
	url = {https://www.fertirrigacion.com/que-es-la-fertirrigacion/},
	note = {Disponible: 2023-05-29}
}

@MISC{WEBSITE:PUBSUBCLIENT,
	author = {{Github}},
	title = {Arduino Client for MQTT},
	url = {https://github.com/knolleary/pubsubclient},
	note = {Disponible: 2023-05-29}
}

@MISC{WEBSITE:ADAFRUITUNIFIEDSENSOR,
	author = {{Github}},
	title = {Adafruit Unified Sensor Driver},
	url = {https://github.com/adafruit/Adafruit_Sensor},
	note = {Disponible: 2023-05-29}
}

@MISC{WEBSITE:DHTSENSORLIBRARY,
	author = {{Github}},
	title = {DHT sensor library},
	url = {https://github.com/adafruit/DHT-sensor-library},
	note = {Disponible: 2023-05-29}
}

@MISC{WEBSITE:ARDUINOJSON,
	author = {{Github}},
	title = {Arduino Json},
	url = {https://github.com/bblanchon/ArduinoJson},
	note = {Disponible: 2023-05-29}
}

@MISC{WEBSITE:BH1750LIBRARY,
	author = {{Github}},
	title = {BH1750},
	url = {https://github.com/claws/BH1750},
	note = {Disponible: 2023-05-29}
}

@MISC{WEBSITE:MQ135LIBRARY,
	author = {{Github}},
	title = {MQ135 gas sensor},
	url = {https://registry.platformio.org/libraries/phoenix1747/MQ135},
	note = {Disponible: 2023-05-29}
}


@MISC{WEBSITE:ARDUINOTEMPERATURECONTROLLIBRARY,
	author = {{Github}},
	title = {Arduino Library for Maxim Temperature Integrated Circuits},
	url = {https://github.com/milesburton/Arduino-Temperature-Control-Library},
	note = {Disponible: 2023-05-29}
}

@MISC{WEBSITE:ANGULARMATERIALLIBRARY,
	author = {{Github}},
	title = {Official components for Angular},
	url = {https://github.com/angular/components},
	note = {Disponible: 2023-05-29}
}

@MISC{WEBSITE:NGXCHARTS,
	author = {{Github}},
	title = {ngx-charts},
	url = {https://github.com/swimlane/ngx-charts},
	note = {Disponible: 2023-05-29}
}

@MISC{WEBSITE:SOCKETIOCLIENT,
	author = {{Github}},
	title = {socket.io-client},
	url = {https://github.com/socketio/socket.io-client},
	note = {Disponible: 2023-05-29}
}

@MISC{WEBSITE:NGXCOOKIECONSENT,
	author = {{Github}},
	title = {ngx-cookieconsent},
	url = {https://github.com/tinesoft/ngx-cookieconsent},
	note = {Disponible: 2023-05-29}
}

@MISC{WEBSITE:NGXCOUNTUP,
	author = {{Github}},
	title = {ngx-cookieconsent},
	url = {https://github.com/inorganik/ngx-countUp},
	note = {Disponible: 2023-05-29}
}

@MISC{WEBSITE:NGXCOUNTUP,
	author = {{Github}},
	title = {ngx-countup - CountUp.js in Angular},
	url = {https://github.com/inorganik/ngx-countUp},
	note = {Disponible: 2023-05-29}
}

@MISC{WEBSITE:LITESERVER,
	author = {{Github}},
	title = {lite-server},
	url = {https://github.com/johnpapa/lite-server},
	note = {Disponible: 2023-05-29}
}

@MISC{WEBSITE:COMPRESSIONLBIRARY,
	author = {{Github}},
	title = {compression},
	url = {https://github.com/expressjs/compression},
	note = {Disponible: 2023-05-29}
}

@MISC{WEBSITE:BCRYPTJS,
	author = {{Github}},
	title = {bcrypt.js},
	url = {https://github.com/dcodeIO/bcrypt.js/blob/master/README.md},
	note = {Disponible: 2023-05-29}
}

@MISC{WEBSITE:CORSLIBRARY,
	author = {{Github}},
	title = {cors},
	url = {https://github.com/expressjs/cors},
	note = {Disponible: 2023-05-29}
}

@MISC{WEBSITE:DOTENV,
	author = {{Github}},
	title = {dotenv },
	url = {https://github.com/motdotla/dotenv},
	note = {Disponible: 2023-05-29}
}

@MISC{WEBSITE:EXPRESSLIBRARY,
	author = {{Github}},
	title = {express},
	url = {https://github.com/expressjs/express},
	note = {Disponible: 2023-05-29}
}

@MISC{WEBSITE:EXPRESSRATELIMIT,
	author = {{Github}},
	title = {Express Rate Limit},
	url = {https://github.com/express-rate-limit/express-rate-limit},
	note = {Disponible: 2023-05-29}
}

@MISC{WEBSITE:JSONWEBTOKENLIBRARY,
	author = {{Github}},
	title = {jsonwebtoken},
	url = {https://github.com/auth0/node-jsonwebtoken},
	note = {Disponible: 2023-05-29}
}

@MISC{WEBSITE:MONGOOSELIBRARY,
	author = {{Github}},
	title = {Mongoose},
	url = {https://github.com/Automattic/mongoose},
	note = {Disponible: 2023-05-29}
}

@MISC{WEBSITE:NODECRON,
	author = {{Github}},
	title = {Node Cron},
	url = {https://github.com/node-cron/node-cron},
	note = {Disponible: 2023-05-29}
}

@MISC{WEBSITE:NODEMAILER,
	author = {{Github}},
	title = {Nodemailer},
	url = {https://github.com/nodemailer/nodemailer},
	note = {Disponible: 2023-05-29}
}

@MISC{WEBSITE:NODEMAILEREXPRESSHANDLEBARS,
	author = {{Github}},
	title = {Express Handlebars plugin for Nodemailer},
	url = {https://github.com/yads/nodemailer-express-handlebars},
	note = {Disponible: 2023-05-29}
}

@MISC{WEBSITE:WEBPUSH,
	author = {{Github}},
	title = {web-push},
	url = {https://github.com/web-push-libs/web-push},
	note = {Disponible: 2023-05-29}
}

@MISC{WEBSITE:TYPESCRIPTLIBRARY,
	author = {{Github}},
	title = {TypeScript},
	url = {https://github.com/microsoft/TypeScript},
	note = {Disponible: 2023-05-29}
}

@MISC{WEBSITE:NODEMON,
	author = {{Github}},
	title = {nodemon},
	url = {https://github.com/remy/nodemon},
	note = {Disponible: 2023-05-29}
}


@MISC{WEBSITE:SUPERTEST,
	author = {{Github}},
	title = {SuperTest},
	url = {https://github.com/ladjs/supertest},
	note = {Disponible: 2023-05-29}
}

@MISC{WEBSITE:JESTLIBRARY,
	author = {{Github}},
	title = {Jest},
	url = {https://github.com/jestjs/jest},
	note = {Disponible: 2023-05-29}
}

@MISC{WEBSITE:TSJEST,
	author = {{Github}},
	title = {ts-jest},
	url = {https://github.com/kulshekhar/ts-jest},
	note = {Disponible: 2023-05-29}
}

@MISC{WEBSITE:TP101,
	author = {{Scribd}},
	title = {TP101 Thermometer},
	url = {https://es.scribd.com/document/466736403/TP101-Thermometer-pdf},
	note = {Disponible: 2023-06-04}
}

@MISC{WEBSITE:BGHR410A,
	author = {{Manual}},
	title = {BGH R-410A manual},
	url = {https://www.manual.ar/bgh/bs30cns/manual},
	note = {Disponible: 2023-06-04}
}

@MISC{WEBSITE:ANGULARI18N,
	author = {{Angular}},
	title = {Angular Internationalization},
	url = {https://angular.io/guide/i18n-overview},
	note = {Disponible: 2023-06-05}
}

